@book{cormen2022introduction,
  title={Introduction to algorithms},
  author={Cormen, Thomas H and Leiserson, Charles E and Rivest, Ronald L and Stein, Clifford},
  year={2022},
  publisher={MIT press}
}

@book{uckelmann2011architecting,
  title={Architecting the Internet of Things},
  author={Uckelmann, D},
  year={2011},
  publisher={Springer}
}

@book{hersent2011internet,
  title={The internet of things: Key applications and protocols},
  author={Hersent, Olivier and Boswarthick, David and Elloumi, Omar},
  year={2011},
  publisher={John Wiley \& Sons}
}

@book{chaouchi2013internet,
  title={The internet of things: Connecting objects to the web},
  author={Chaouchi, Hakima},
  year={2013},
  publisher={John Wiley \& Sons}
}
